%YAML 1.1
%TAG !u! tag:unity3d.com,2011:
--- !u!1 &3880603082606754563
GameObject:
  m_ObjectHideFlags: 0
  m_CorrespondingSourceObject: {fileID: 0}
  m_PrefabInstance: {fileID: 0}
  m_PrefabAsset: {fileID: 0}
  serializedVersion: 6
  m_Component:
  - component: {fileID: 3880603082606754562}
  - component: {fileID: -4211071169770251026}
  m_Layer: 0
  m_Name: Level1
  m_TagString: Untagged
  m_Icon: {fileID: 0}
  m_NavMeshLayer: 0
  m_StaticEditorFlags: 0
  m_IsActive: 0
--- !u!4 &3880603082606754562
Transform:
  m_ObjectHideFlags: 0
  m_CorrespondingSourceObject: {fileID: 0}
  m_PrefabInstance: {fileID: 0}
  m_PrefabAsset: {fileID: 0}
  m_GameObject: {fileID: 3880603082606754563}
  m_LocalRotation: {x: 0, y: 0, z: 0, w: 1}
  m_LocalPosition: {x: 0, y: 0, z: 0}
  m_LocalScale: {x: 1, y: 1, z: 1}
  m_Children:
  - {fileID: 6610497279868368752}
  - {fileID: 1001311537837894711}
  - {fileID: 98894413110709116}
  - {fileID: 3214237184126889848}
  - {fileID: 8276108885528263340}
  - {fileID: 806545092335506719}
  - {fileID: 5455659575088955246}
  - {fileID: 1785973400862555642}
  - {fileID: 9034435469731059637}
  - {fileID: 4469081247755344423}
  - {fileID: 5140057087600487301}
  - {fileID: 100253786116984177}
  - {fileID: 2249923564878382723}
  - {fileID: 8860512025091411177}
  - {fileID: 2372774297856092569}
  - {fileID: 6716959914315883521}
  - {fileID: 7184248168747435221}
  - {fileID: 8460131559022262956}
  - {fileID: 8798912090170344722}
  - {fileID: 5243890254841320618}
  - {fileID: 1547341984574002660}
  m_Father: {fileID: 0}
  m_RootOrder: 0
  m_LocalEulerAnglesHint: {x: 0, y: 0, z: 0}
--- !u!114 &-4211071169770251026
MonoBehaviour:
  m_ObjectHideFlags: 0
  m_CorrespondingSourceObject: {fileID: 0}
  m_PrefabInstance: {fileID: 0}
  m_PrefabAsset: {fileID: 0}
  m_GameObject: {fileID: 3880603082606754563}
  m_Enabled: 1
  m_EditorHideFlags: 0
  m_Script: {fileID: 11500000, guid: b94422346b67c4a9093caa7ad83a9b56, type: 3}
  m_Name: 
  m_EditorClassIdentifier: 
--- !u!1001 &217947772560543109
PrefabInstance:
  m_ObjectHideFlags: 0
  serializedVersion: 2
  m_Modification:
    m_TransformParent: {fileID: 3880603082606754562}
    m_Modifications:
    - target: {fileID: 2727114870477805406, guid: 36acf6dd4a8f542d083786a51ca54cc5,
        type: 3}
      propertyPath: m_Name
      value: Sphere (18)
      objectReference: {fileID: 0}
    - target: {fileID: 2727114870477805406, guid: 36acf6dd4a8f542d083786a51ca54cc5,
        type: 3}
      propertyPath: m_IsActive
      value: 1
      objectReference: {fileID: 0}
    - target: {fileID: 7514597966930892049, guid: 36acf6dd4a8f542d083786a51ca54cc5,
        type: 3}
      propertyPath: m_AngularDrag
      value: 0.05
      objectReference: {fileID: 0}
    - target: {fileID: 7514597966930892049, guid: 36acf6dd4a8f542d083786a51ca54cc5,
        type: 3}
      propertyPath: m_Constraints
      value: 112
      objectReference: {fileID: 0}
    - target: {fileID: 8533796330275403561, guid: 36acf6dd4a8f542d083786a51ca54cc5,
        type: 3}
      propertyPath: m_LocalPosition.x
      value: -0.5
      objectReference: {fileID: 0}
    - target: {fileID: 8533796330275403561, guid: 36acf6dd4a8f542d083786a51ca54cc5,
        type: 3}
      propertyPath: m_LocalPosition.y
      value: 0.1
      objectReference: {fileID: 0}
    - target: {fileID: 8533796330275403561, guid: 36acf6dd4a8f542d083786a51ca54cc5,
        type: 3}
      propertyPath: m_LocalPosition.z
      value: 0
      objectReference: {fileID: 0}
    - target: {fileID: 8533796330275403561, guid: 36acf6dd4a8f542d083786a51ca54cc5,
        type: 3}
      propertyPath: m_LocalRotation.x
      value: 0
      objectReference: {fileID: 0}
    - target: {fileID: 8533796330275403561, guid: 36acf6dd4a8f542d083786a51ca54cc5,
        type: 3}
      propertyPath: m_LocalRotation.y
      value: 0
      objectReference: {fileID: 0}
    - target: {fileID: 8533796330275403561, guid: 36acf6dd4a8f542d083786a51ca54cc5,
        type: 3}
      propertyPath: m_LocalRotation.z
      value: 0
      objectReference: {fileID: 0}
    - target: {fileID: 8533796330275403561, guid: 36acf6dd4a8f542d083786a51ca54cc5,
        type: 3}
      propertyPath: m_LocalRotation.w
      value: 1
      objectReference: {fileID: 0}
    - target: {fileID: 8533796330275403561, guid: 36acf6dd4a8f542d083786a51ca54cc5,
        type: 3}
      propertyPath: m_RootOrder
      value: 17
      objectReference: {fileID: 0}
    - target: {fileID: 8533796330275403561, guid: 36acf6dd4a8f542d083786a51ca54cc5,
        type: 3}
      propertyPath: m_LocalEulerAnglesHint.x
      value: 0
      objectReference: {fileID: 0}
    - target: {fileID: 8533796330275403561, guid: 36acf6dd4a8f542d083786a51ca54cc5,
        type: 3}
      propertyPath: m_LocalEulerAnglesHint.y
      value: 0
      objectReference: {fileID: 0}
    - target: {fileID: 8533796330275403561, guid: 36acf6dd4a8f542d083786a51ca54cc5,
        type: 3}
      propertyPath: m_LocalEulerAnglesHint.z
      value: 0
      objectReference: {fileID: 0}
    m_RemovedComponents: []
  m_SourcePrefab: {fileID: 100100000, guid: 36acf6dd4a8f542d083786a51ca54cc5, type: 3}
--- !u!4 &8460131559022262956 stripped
Transform:
  m_CorrespondingSourceObject: {fileID: 8533796330275403561, guid: 36acf6dd4a8f542d083786a51ca54cc5,
    type: 3}
  m_PrefabInstance: {fileID: 217947772560543109}
  m_PrefabAsset: {fileID: 0}
--- !u!1001 &339045004628807045
PrefabInstance:
  m_ObjectHideFlags: 0
  serializedVersion: 2
  m_Modification:
    m_TransformParent: {fileID: 3880603082606754562}
    m_Modifications:
    - target: {fileID: 2727114870477805406, guid: 36acf6dd4a8f542d083786a51ca54cc5,
        type: 3}
      propertyPath: m_Name
      value: Sphere (5)
      objectReference: {fileID: 0}
    - target: {fileID: 2727114870477805406, guid: 36acf6dd4a8f542d083786a51ca54cc5,
        type: 3}
      propertyPath: m_IsActive
      value: 1
      objectReference: {fileID: 0}
    - target: {fileID: 7514597966930892049, guid: 36acf6dd4a8f542d083786a51ca54cc5,
        type: 3}
      propertyPath: m_AngularDrag
      value: 0.05
      objectReference: {fileID: 0}
    - target: {fileID: 7514597966930892049, guid: 36acf6dd4a8f542d083786a51ca54cc5,
        type: 3}
      propertyPath: m_Constraints
      value: 112
      objectReference: {fileID: 0}
    - target: {fileID: 8533796330275403561, guid: 36acf6dd4a8f542d083786a51ca54cc5,
        type: 3}
      propertyPath: m_LocalPosition.x
      value: 1.5
      objectReference: {fileID: 0}
    - target: {fileID: 8533796330275403561, guid: 36acf6dd4a8f542d083786a51ca54cc5,
        type: 3}
      propertyPath: m_LocalPosition.y
      value: 0.1
      objectReference: {fileID: 0}
    - target: {fileID: 8533796330275403561, guid: 36acf6dd4a8f542d083786a51ca54cc5,
        type: 3}
      propertyPath: m_LocalPosition.z
      value: 1.5
      objectReference: {fileID: 0}
    - target: {fileID: 8533796330275403561, guid: 36acf6dd4a8f542d083786a51ca54cc5,
        type: 3}
      propertyPath: m_LocalRotation.x
      value: 0
      objectReference: {fileID: 0}
    - target: {fileID: 8533796330275403561, guid: 36acf6dd4a8f542d083786a51ca54cc5,
        type: 3}
      propertyPath: m_LocalRotation.y
      value: 0
      objectReference: {fileID: 0}
    - target: {fileID: 8533796330275403561, guid: 36acf6dd4a8f542d083786a51ca54cc5,
        type: 3}
      propertyPath: m_LocalRotation.z
      value: 0
      objectReference: {fileID: 0}
    - target: {fileID: 8533796330275403561, guid: 36acf6dd4a8f542d083786a51ca54cc5,
        type: 3}
      propertyPath: m_LocalRotation.w
      value: 1
      objectReference: {fileID: 0}
    - target: {fileID: 8533796330275403561, guid: 36acf6dd4a8f542d083786a51ca54cc5,
        type: 3}
      propertyPath: m_RootOrder
      value: 4
      objectReference: {fileID: 0}
    - target: {fileID: 8533796330275403561, guid: 36acf6dd4a8f542d083786a51ca54cc5,
        type: 3}
      propertyPath: m_LocalEulerAnglesHint.x
      value: 0
      objectReference: {fileID: 0}
    - target: {fileID: 8533796330275403561, guid: 36acf6dd4a8f542d083786a51ca54cc5,
        type: 3}
      propertyPath: m_LocalEulerAnglesHint.y
      value: 0
      objectReference: {fileID: 0}
    - target: {fileID: 8533796330275403561, guid: 36acf6dd4a8f542d083786a51ca54cc5,
        type: 3}
      propertyPath: m_LocalEulerAnglesHint.z
      value: 0
      objectReference: {fileID: 0}
    m_RemovedComponents: []
  m_SourcePrefab: {fileID: 100100000, guid: 36acf6dd4a8f542d083786a51ca54cc5, type: 3}
--- !u!4 &8276108885528263340 stripped
Transform:
  m_CorrespondingSourceObject: {fileID: 8533796330275403561, guid: 36acf6dd4a8f542d083786a51ca54cc5,
    type: 3}
  m_PrefabInstance: {fileID: 339045004628807045}
  m_PrefabAsset: {fileID: 0}
--- !u!1001 &796822386293514396
PrefabInstance:
  m_ObjectHideFlags: 0
  serializedVersion: 2
  m_Modification:
    m_TransformParent: {fileID: 3880603082606754562}
    m_Modifications:
    - target: {fileID: 2727114870477805406, guid: 36acf6dd4a8f542d083786a51ca54cc5,
        type: 3}
      propertyPath: m_Name
      value: Sphere (9)
      objectReference: {fileID: 0}
    - target: {fileID: 2727114870477805406, guid: 36acf6dd4a8f542d083786a51ca54cc5,
        type: 3}
      propertyPath: m_IsActive
      value: 1
      objectReference: {fileID: 0}
    - target: {fileID: 7514597966930892049, guid: 36acf6dd4a8f542d083786a51ca54cc5,
        type: 3}
      propertyPath: m_AngularDrag
      value: 0.05
      objectReference: {fileID: 0}
    - target: {fileID: 7514597966930892049, guid: 36acf6dd4a8f542d083786a51ca54cc5,
        type: 3}
      propertyPath: m_Constraints
      value: 112
      objectReference: {fileID: 0}
    - target: {fileID: 8533796330275403561, guid: 36acf6dd4a8f542d083786a51ca54cc5,
        type: 3}
      propertyPath: m_LocalPosition.x
      value: 1.5
      objectReference: {fileID: 0}
    - target: {fileID: 8533796330275403561, guid: 36acf6dd4a8f542d083786a51ca54cc5,
        type: 3}
      propertyPath: m_LocalPosition.y
      value: 0.1
      objectReference: {fileID: 0}
    - target: {fileID: 8533796330275403561, guid: 36acf6dd4a8f542d083786a51ca54cc5,
        type: 3}
      propertyPath: m_LocalPosition.z
      value: -0.5
      objectReference: {fileID: 0}
    - target: {fileID: 8533796330275403561, guid: 36acf6dd4a8f542d083786a51ca54cc5,
        type: 3}
      propertyPath: m_LocalRotation.x
      value: 0
      objectReference: {fileID: 0}
    - target: {fileID: 8533796330275403561, guid: 36acf6dd4a8f542d083786a51ca54cc5,
        type: 3}
      propertyPath: m_LocalRotation.y
      value: 0
      objectReference: {fileID: 0}
    - target: {fileID: 8533796330275403561, guid: 36acf6dd4a8f542d083786a51ca54cc5,
        type: 3}
      propertyPath: m_LocalRotation.z
      value: 0
      objectReference: {fileID: 0}
    - target: {fileID: 8533796330275403561, guid: 36acf6dd4a8f542d083786a51ca54cc5,
        type: 3}
      propertyPath: m_LocalRotation.w
      value: 1
      objectReference: {fileID: 0}
    - target: {fileID: 8533796330275403561, guid: 36acf6dd4a8f542d083786a51ca54cc5,
        type: 3}
      propertyPath: m_RootOrder
      value: 8
      objectReference: {fileID: 0}
    - target: {fileID: 8533796330275403561, guid: 36acf6dd4a8f542d083786a51ca54cc5,
        type: 3}
      propertyPath: m_LocalEulerAnglesHint.x
      value: 0
      objectReference: {fileID: 0}
    - target: {fileID: 8533796330275403561, guid: 36acf6dd4a8f542d083786a51ca54cc5,
        type: 3}
      propertyPath: m_LocalEulerAnglesHint.y
      value: 0
      objectReference: {fileID: 0}
    - target: {fileID: 8533796330275403561, guid: 36acf6dd4a8f542d083786a51ca54cc5,
        type: 3}
      propertyPath: m_LocalEulerAnglesHint.z
      value: 0
      objectReference: {fileID: 0}
    m_RemovedComponents: []
  m_SourcePrefab: {fileID: 100100000, guid: 36acf6dd4a8f542d083786a51ca54cc5, type: 3}
--- !u!4 &9034435469731059637 stripped
Transform:
  m_CorrespondingSourceObject: {fileID: 8533796330275403561, guid: 36acf6dd4a8f542d083786a51ca54cc5,
    type: 3}
  m_PrefabInstance: {fileID: 796822386293514396}
  m_PrefabAsset: {fileID: 0}
--- !u!1001 &896815976495362619
PrefabInstance:
  m_ObjectHideFlags: 0
  serializedVersion: 2
  m_Modification:
    m_TransformParent: {fileID: 3880603082606754562}
    m_Modifications:
    - target: {fileID: 2727114870477805406, guid: 36acf6dd4a8f542d083786a51ca54cc5,
        type: 3}
      propertyPath: m_Name
      value: Sphere (19)
      objectReference: {fileID: 0}
    - target: {fileID: 2727114870477805406, guid: 36acf6dd4a8f542d083786a51ca54cc5,
        type: 3}
      propertyPath: m_IsActive
      value: 1
      objectReference: {fileID: 0}
    - target: {fileID: 7514597966930892049, guid: 36acf6dd4a8f542d083786a51ca54cc5,
        type: 3}
      propertyPath: m_AngularDrag
      value: 0.05
      objectReference: {fileID: 0}
    - target: {fileID: 7514597966930892049, guid: 36acf6dd4a8f542d083786a51ca54cc5,
        type: 3}
      propertyPath: m_Constraints
      value: 112
      objectReference: {fileID: 0}
    - target: {fileID: 8533796330275403561, guid: 36acf6dd4a8f542d083786a51ca54cc5,
        type: 3}
      propertyPath: m_LocalPosition.x
      value: 2.5
      objectReference: {fileID: 0}
    - target: {fileID: 8533796330275403561, guid: 36acf6dd4a8f542d083786a51ca54cc5,
        type: 3}
      propertyPath: m_LocalPosition.y
      value: 0.1
      objectReference: {fileID: 0}
    - target: {fileID: 8533796330275403561, guid: 36acf6dd4a8f542d083786a51ca54cc5,
        type: 3}
      propertyPath: m_LocalPosition.z
      value: 0
      objectReference: {fileID: 0}
    - target: {fileID: 8533796330275403561, guid: 36acf6dd4a8f542d083786a51ca54cc5,
        type: 3}
      propertyPath: m_LocalRotation.x
      value: 0
      objectReference: {fileID: 0}
    - target: {fileID: 8533796330275403561, guid: 36acf6dd4a8f542d083786a51ca54cc5,
        type: 3}
      propertyPath: m_LocalRotation.y
      value: 0
      objectReference: {fileID: 0}
    - target: {fileID: 8533796330275403561, guid: 36acf6dd4a8f542d083786a51ca54cc5,
        type: 3}
      propertyPath: m_LocalRotation.z
      value: 0
      objectReference: {fileID: 0}
    - target: {fileID: 8533796330275403561, guid: 36acf6dd4a8f542d083786a51ca54cc5,
        type: 3}
      propertyPath: m_LocalRotation.w
      value: 1
      objectReference: {fileID: 0}
    - target: {fileID: 8533796330275403561, guid: 36acf6dd4a8f542d083786a51ca54cc5,
        type: 3}
      propertyPath: m_RootOrder
      value: 18
      objectReference: {fileID: 0}
    - target: {fileID: 8533796330275403561, guid: 36acf6dd4a8f542d083786a51ca54cc5,
        type: 3}
      propertyPath: m_LocalEulerAnglesHint.x
      value: 0
      objectReference: {fileID: 0}
    - target: {fileID: 8533796330275403561, guid: 36acf6dd4a8f542d083786a51ca54cc5,
        type: 3}
      propertyPath: m_LocalEulerAnglesHint.y
      value: 0
      objectReference: {fileID: 0}
    - target: {fileID: 8533796330275403561, guid: 36acf6dd4a8f542d083786a51ca54cc5,
        type: 3}
      propertyPath: m_LocalEulerAnglesHint.z
      value: 0
      objectReference: {fileID: 0}
    m_RemovedComponents: []
  m_SourcePrefab: {fileID: 100100000, guid: 36acf6dd4a8f542d083786a51ca54cc5, type: 3}
--- !u!4 &8798912090170344722 stripped
Transform:
  m_CorrespondingSourceObject: {fileID: 8533796330275403561, guid: 36acf6dd4a8f542d083786a51ca54cc5,
    type: 3}
  m_PrefabInstance: {fileID: 896815976495362619}
  m_PrefabAsset: {fileID: 0}
--- !u!1001 &907754813540694976
PrefabInstance:
  m_ObjectHideFlags: 0
  serializedVersion: 2
  m_Modification:
    m_TransformParent: {fileID: 3880603082606754562}
    m_Modifications:
    - target: {fileID: 2727114870477805406, guid: 36acf6dd4a8f542d083786a51ca54cc5,
        type: 3}
      propertyPath: m_Name
      value: Sphere (14)
      objectReference: {fileID: 0}
    - target: {fileID: 2727114870477805406, guid: 36acf6dd4a8f542d083786a51ca54cc5,
        type: 3}
      propertyPath: m_IsActive
      value: 1
      objectReference: {fileID: 0}
    - target: {fileID: 7514597966930892049, guid: 36acf6dd4a8f542d083786a51ca54cc5,
        type: 3}
      propertyPath: m_AngularDrag
      value: 0.05
      objectReference: {fileID: 0}
    - target: {fileID: 7514597966930892049, guid: 36acf6dd4a8f542d083786a51ca54cc5,
        type: 3}
      propertyPath: m_Constraints
      value: 112
      objectReference: {fileID: 0}
    - target: {fileID: 8533796330275403561, guid: 36acf6dd4a8f542d083786a51ca54cc5,
        type: 3}
      propertyPath: m_LocalPosition.x
      value: 2
      objectReference: {fileID: 0}
    - target: {fileID: 8533796330275403561, guid: 36acf6dd4a8f542d083786a51ca54cc5,
        type: 3}
      propertyPath: m_LocalPosition.y
      value: 0.1
      objectReference: {fileID: 0}
    - target: {fileID: 8533796330275403561, guid: 36acf6dd4a8f542d083786a51ca54cc5,
        type: 3}
      propertyPath: m_LocalPosition.z
      value: 1.5
      objectReference: {fileID: 0}
    - target: {fileID: 8533796330275403561, guid: 36acf6dd4a8f542d083786a51ca54cc5,
        type: 3}
      propertyPath: m_LocalRotation.x
      value: 0
      objectReference: {fileID: 0}
    - target: {fileID: 8533796330275403561, guid: 36acf6dd4a8f542d083786a51ca54cc5,
        type: 3}
      propertyPath: m_LocalRotation.y
      value: 0
      objectReference: {fileID: 0}
    - target: {fileID: 8533796330275403561, guid: 36acf6dd4a8f542d083786a51ca54cc5,
        type: 3}
      propertyPath: m_LocalRotation.z
      value: 0
      objectReference: {fileID: 0}
    - target: {fileID: 8533796330275403561, guid: 36acf6dd4a8f542d083786a51ca54cc5,
        type: 3}
      propertyPath: m_LocalRotation.w
      value: 1
      objectReference: {fileID: 0}
    - target: {fileID: 8533796330275403561, guid: 36acf6dd4a8f542d083786a51ca54cc5,
        type: 3}
      propertyPath: m_RootOrder
      value: 13
      objectReference: {fileID: 0}
    - target: {fileID: 8533796330275403561, guid: 36acf6dd4a8f542d083786a51ca54cc5,
        type: 3}
      propertyPath: m_LocalEulerAnglesHint.x
      value: 0
      objectReference: {fileID: 0}
    - target: {fileID: 8533796330275403561, guid: 36acf6dd4a8f542d083786a51ca54cc5,
        type: 3}
      propertyPath: m_LocalEulerAnglesHint.y
      value: 0
      objectReference: {fileID: 0}
    - target: {fileID: 8533796330275403561, guid: 36acf6dd4a8f542d083786a51ca54cc5,
        type: 3}
      propertyPath: m_LocalEulerAnglesHint.z
      value: 0
      objectReference: {fileID: 0}
    m_RemovedComponents: []
  m_SourcePrefab: {fileID: 100100000, guid: 36acf6dd4a8f542d083786a51ca54cc5, type: 3}
--- !u!4 &8860512025091411177 stripped
Transform:
  m_CorrespondingSourceObject: {fileID: 8533796330275403561, guid: 36acf6dd4a8f542d083786a51ca54cc5,
    type: 3}
  m_PrefabInstance: {fileID: 907754813540694976}
  m_PrefabAsset: {fileID: 0}
--- !u!1001 &1575610235105178620
PrefabInstance:
  m_ObjectHideFlags: 0
  serializedVersion: 2
  m_Modification:
    m_TransformParent: {fileID: 3880603082606754562}
    m_Modifications:
    - target: {fileID: 2727114870477805406, guid: 36acf6dd4a8f542d083786a51ca54cc5,
        type: 3}
      propertyPath: m_Name
      value: Sphere (17)
      objectReference: {fileID: 0}
    - target: {fileID: 2727114870477805406, guid: 36acf6dd4a8f542d083786a51ca54cc5,
        type: 3}
      propertyPath: m_IsActive
      value: 1
      objectReference: {fileID: 0}
    - target: {fileID: 7514597966930892049, guid: 36acf6dd4a8f542d083786a51ca54cc5,
        type: 3}
      propertyPath: m_AngularDrag
      value: 0.05
      objectReference: {fileID: 0}
    - target: {fileID: 7514597966930892049, guid: 36acf6dd4a8f542d083786a51ca54cc5,
        type: 3}
      propertyPath: m_Constraints
      value: 112
      objectReference: {fileID: 0}
    - target: {fileID: 8533796330275403561, guid: 36acf6dd4a8f542d083786a51ca54cc5,
        type: 3}
      propertyPath: m_LocalPosition.x
      value: 0
      objectReference: {fileID: 0}
    - target: {fileID: 8533796330275403561, guid: 36acf6dd4a8f542d083786a51ca54cc5,
        type: 3}
      propertyPath: m_LocalPosition.y
      value: 0.1
      objectReference: {fileID: 0}
    - target: {fileID: 8533796330275403561, guid: 36acf6dd4a8f542d083786a51ca54cc5,
        type: 3}
      propertyPath: m_LocalPosition.z
      value: -0.5
      objectReference: {fileID: 0}
    - target: {fileID: 8533796330275403561, guid: 36acf6dd4a8f542d083786a51ca54cc5,
        type: 3}
      propertyPath: m_LocalRotation.x
      value: 0
      objectReference: {fileID: 0}
    - target: {fileID: 8533796330275403561, guid: 36acf6dd4a8f542d083786a51ca54cc5,
        type: 3}
      propertyPath: m_LocalRotation.y
      value: 0
      objectReference: {fileID: 0}
    - target: {fileID: 8533796330275403561, guid: 36acf6dd4a8f542d083786a51ca54cc5,
        type: 3}
      propertyPath: m_LocalRotation.z
      value: 0
      objectReference: {fileID: 0}
    - target: {fileID: 8533796330275403561, guid: 36acf6dd4a8f542d083786a51ca54cc5,
        type: 3}
      propertyPath: m_LocalRotation.w
      value: 1
      objectReference: {fileID: 0}
    - target: {fileID: 8533796330275403561, guid: 36acf6dd4a8f542d083786a51ca54cc5,
        type: 3}
      propertyPath: m_RootOrder
      value: 16
      objectReference: {fileID: 0}
    - target: {fileID: 8533796330275403561, guid: 36acf6dd4a8f542d083786a51ca54cc5,
        type: 3}
      propertyPath: m_LocalEulerAnglesHint.x
      value: 0
      objectReference: {fileID: 0}
    - target: {fileID: 8533796330275403561, guid: 36acf6dd4a8f542d083786a51ca54cc5,
        type: 3}
      propertyPath: m_LocalEulerAnglesHint.y
      value: 0
      objectReference: {fileID: 0}
    - target: {fileID: 8533796330275403561, guid: 36acf6dd4a8f542d083786a51ca54cc5,
        type: 3}
      propertyPath: m_LocalEulerAnglesHint.z
      value: 0
      objectReference: {fileID: 0}
    m_RemovedComponents: []
  m_SourcePrefab: {fileID: 100100000, guid: 36acf6dd4a8f542d083786a51ca54cc5, type: 3}
--- !u!4 &7184248168747435221 stripped
Transform:
  m_CorrespondingSourceObject: {fileID: 8533796330275403561, guid: 36acf6dd4a8f542d083786a51ca54cc5,
    type: 3}
  m_PrefabInstance: {fileID: 1575610235105178620}
  m_PrefabAsset: {fileID: 0}
--- !u!1001 &3123613545662436136
PrefabInstance:
  m_ObjectHideFlags: 0
  serializedVersion: 2
  m_Modification:
    m_TransformParent: {fileID: 3880603082606754562}
    m_Modifications:
    - target: {fileID: 2727114870477805406, guid: 36acf6dd4a8f542d083786a51ca54cc5,
        type: 3}
      propertyPath: m_Name
      value: Sphere (16)
      objectReference: {fileID: 0}
    - target: {fileID: 2727114870477805406, guid: 36acf6dd4a8f542d083786a51ca54cc5,
        type: 3}
      propertyPath: m_IsActive
      value: 1
      objectReference: {fileID: 0}
    - target: {fileID: 7514597966930892049, guid: 36acf6dd4a8f542d083786a51ca54cc5,
        type: 3}
      propertyPath: m_AngularDrag
      value: 0.05
      objectReference: {fileID: 0}
    - target: {fileID: 7514597966930892049, guid: 36acf6dd4a8f542d083786a51ca54cc5,
        type: 3}
      propertyPath: m_Constraints
      value: 112
      objectReference: {fileID: 0}
    - target: {fileID: 8533796330275403561, guid: 36acf6dd4a8f542d083786a51ca54cc5,
        type: 3}
      propertyPath: m_LocalPosition.x
      value: 1
      objectReference: {fileID: 0}
    - target: {fileID: 8533796330275403561, guid: 36acf6dd4a8f542d083786a51ca54cc5,
        type: 3}
      propertyPath: m_LocalPosition.y
      value: 0.1
      objectReference: {fileID: 0}
    - target: {fileID: 8533796330275403561, guid: 36acf6dd4a8f542d083786a51ca54cc5,
        type: 3}
      propertyPath: m_LocalPosition.z
      value: -0.5
      objectReference: {fileID: 0}
    - target: {fileID: 8533796330275403561, guid: 36acf6dd4a8f542d083786a51ca54cc5,
        type: 3}
      propertyPath: m_LocalRotation.x
      value: 0
      objectReference: {fileID: 0}
    - target: {fileID: 8533796330275403561, guid: 36acf6dd4a8f542d083786a51ca54cc5,
        type: 3}
      propertyPath: m_LocalRotation.y
      value: 0
      objectReference: {fileID: 0}
    - target: {fileID: 8533796330275403561, guid: 36acf6dd4a8f542d083786a51ca54cc5,
        type: 3}
      propertyPath: m_LocalRotation.z
      value: 0
      objectReference: {fileID: 0}
    - target: {fileID: 8533796330275403561, guid: 36acf6dd4a8f542d083786a51ca54cc5,
        type: 3}
      propertyPath: m_LocalRotation.w
      value: 1
      objectReference: {fileID: 0}
    - target: {fileID: 8533796330275403561, guid: 36acf6dd4a8f542d083786a51ca54cc5,
        type: 3}
      propertyPath: m_RootOrder
      value: 15
      objectReference: {fileID: 0}
    - target: {fileID: 8533796330275403561, guid: 36acf6dd4a8f542d083786a51ca54cc5,
        type: 3}
      propertyPath: m_LocalEulerAnglesHint.x
      value: 0
      objectReference: {fileID: 0}
    - target: {fileID: 8533796330275403561, guid: 36acf6dd4a8f542d083786a51ca54cc5,
        type: 3}
      propertyPath: m_LocalEulerAnglesHint.y
      value: 0
      objectReference: {fileID: 0}
    - target: {fileID: 8533796330275403561, guid: 36acf6dd4a8f542d083786a51ca54cc5,
        type: 3}
      propertyPath: m_LocalEulerAnglesHint.z
      value: 0
      objectReference: {fileID: 0}
    m_RemovedComponents: []
  m_SourcePrefab: {fileID: 100100000, guid: 36acf6dd4a8f542d083786a51ca54cc5, type: 3}
--- !u!4 &6716959914315883521 stripped
Transform:
  m_CorrespondingSourceObject: {fileID: 8533796330275403561, guid: 36acf6dd4a8f542d083786a51ca54cc5,
    type: 3}
  m_PrefabInstance: {fileID: 3123613545662436136}
  m_PrefabAsset: {fileID: 0}
--- !u!1001 &3547433789313457324
PrefabInstance:
  m_ObjectHideFlags: 0
  serializedVersion: 2
  m_Modification:
    m_TransformParent: {fileID: 3880603082606754562}
    m_Modifications:
    - target: {fileID: 2727114870477805406, guid: 36acf6dd4a8f542d083786a51ca54cc5,
        type: 3}
      propertyPath: m_Name
      value: Sphere (11)
      objectReference: {fileID: 0}
    - target: {fileID: 2727114870477805406, guid: 36acf6dd4a8f542d083786a51ca54cc5,
        type: 3}
      propertyPath: m_IsActive
      value: 1
      objectReference: {fileID: 0}
    - target: {fileID: 7514597966930892049, guid: 36acf6dd4a8f542d083786a51ca54cc5,
        type: 3}
      propertyPath: m_AngularDrag
      value: 0.05
      objectReference: {fileID: 0}
    - target: {fileID: 7514597966930892049, guid: 36acf6dd4a8f542d083786a51ca54cc5,
        type: 3}
      propertyPath: m_Constraints
      value: 112
      objectReference: {fileID: 0}
    - target: {fileID: 8533796330275403561, guid: 36acf6dd4a8f542d083786a51ca54cc5,
        type: 3}
      propertyPath: m_LocalPosition.x
      value: -0.5
      objectReference: {fileID: 0}
    - target: {fileID: 8533796330275403561, guid: 36acf6dd4a8f542d083786a51ca54cc5,
        type: 3}
      propertyPath: m_LocalPosition.y
      value: 0.1
      objectReference: {fileID: 0}
    - target: {fileID: 8533796330275403561, guid: 36acf6dd4a8f542d083786a51ca54cc5,
        type: 3}
      propertyPath: m_LocalPosition.z
      value: -0.5
      objectReference: {fileID: 0}
    - target: {fileID: 8533796330275403561, guid: 36acf6dd4a8f542d083786a51ca54cc5,
        type: 3}
      propertyPath: m_LocalRotation.x
      value: 0
      objectReference: {fileID: 0}
    - target: {fileID: 8533796330275403561, guid: 36acf6dd4a8f542d083786a51ca54cc5,
        type: 3}
      propertyPath: m_LocalRotation.y
      value: 0
      objectReference: {fileID: 0}
    - target: {fileID: 8533796330275403561, guid: 36acf6dd4a8f542d083786a51ca54cc5,
        type: 3}
      propertyPath: m_LocalRotation.z
      value: 0
      objectReference: {fileID: 0}
    - target: {fileID: 8533796330275403561, guid: 36acf6dd4a8f542d083786a51ca54cc5,
        type: 3}
      propertyPath: m_LocalRotation.w
      value: 1
      objectReference: {fileID: 0}
    - target: {fileID: 8533796330275403561, guid: 36acf6dd4a8f542d083786a51ca54cc5,
        type: 3}
      propertyPath: m_RootOrder
      value: 10
      objectReference: {fileID: 0}
    - target: {fileID: 8533796330275403561, guid: 36acf6dd4a8f542d083786a51ca54cc5,
        type: 3}
      propertyPath: m_LocalEulerAnglesHint.x
      value: 0
      objectReference: {fileID: 0}
    - target: {fileID: 8533796330275403561, guid: 36acf6dd4a8f542d083786a51ca54cc5,
        type: 3}
      propertyPath: m_LocalEulerAnglesHint.y
      value: 0
      objectReference: {fileID: 0}
    - target: {fileID: 8533796330275403561, guid: 36acf6dd4a8f542d083786a51ca54cc5,
        type: 3}
      propertyPath: m_LocalEulerAnglesHint.z
      value: 0
      objectReference: {fileID: 0}
    m_RemovedComponents: []
  m_SourcePrefab: {fileID: 100100000, guid: 36acf6dd4a8f542d083786a51ca54cc5, type: 3}
--- !u!4 &5140057087600487301 stripped
Transform:
  m_CorrespondingSourceObject: {fileID: 8533796330275403561, guid: 36acf6dd4a8f542d083786a51ca54cc5,
    type: 3}
  m_PrefabInstance: {fileID: 3547433789313457324}
  m_PrefabAsset: {fileID: 0}
--- !u!1001 &3880603082610924330
PrefabInstance:
  m_ObjectHideFlags: 0
  serializedVersion: 2
  m_Modification:
    m_TransformParent: {fileID: 3880603082606754562}
    m_Modifications:
    - target: {fileID: 7955502853465975893, guid: 64d78aeaea5a6764cac3b8ac8aeba237,
        type: 3}
      propertyPath: m_Name
      value: Cube
      objectReference: {fileID: 0}
    - target: {fileID: 7955502853465975893, guid: 64d78aeaea5a6764cac3b8ac8aeba237,
        type: 3}
      propertyPath: m_IsActive
      value: 1
      objectReference: {fileID: 0}
    - target: {fileID: 7955502853465975898, guid: 64d78aeaea5a6764cac3b8ac8aeba237,
        type: 3}
      propertyPath: m_LocalPosition.x
      value: 2
      objectReference: {fileID: 0}
    - target: {fileID: 7955502853465975898, guid: 64d78aeaea5a6764cac3b8ac8aeba237,
        type: 3}
      propertyPath: m_LocalPosition.y
      value: 0.1
      objectReference: {fileID: 0}
    - target: {fileID: 7955502853465975898, guid: 64d78aeaea5a6764cac3b8ac8aeba237,
        type: 3}
      propertyPath: m_LocalPosition.z
      value: 1
      objectReference: {fileID: 0}
    - target: {fileID: 7955502853465975898, guid: 64d78aeaea5a6764cac3b8ac8aeba237,
        type: 3}
      propertyPath: m_LocalRotation.x
      value: 0
      objectReference: {fileID: 0}
    - target: {fileID: 7955502853465975898, guid: 64d78aeaea5a6764cac3b8ac8aeba237,
        type: 3}
      propertyPath: m_LocalRotation.y
      value: 0
      objectReference: {fileID: 0}
    - target: {fileID: 7955502853465975898, guid: 64d78aeaea5a6764cac3b8ac8aeba237,
        type: 3}
      propertyPath: m_LocalRotation.z
      value: 0
      objectReference: {fileID: 0}
    - target: {fileID: 7955502853465975898, guid: 64d78aeaea5a6764cac3b8ac8aeba237,
        type: 3}
      propertyPath: m_LocalRotation.w
      value: 1
      objectReference: {fileID: 0}
    - target: {fileID: 7955502853465975898, guid: 64d78aeaea5a6764cac3b8ac8aeba237,
        type: 3}
      propertyPath: m_RootOrder
      value: 0
      objectReference: {fileID: 0}
    - target: {fileID: 7955502853465975898, guid: 64d78aeaea5a6764cac3b8ac8aeba237,
        type: 3}
      propertyPath: m_LocalEulerAnglesHint.x
      value: 0
      objectReference: {fileID: 0}
    - target: {fileID: 7955502853465975898, guid: 64d78aeaea5a6764cac3b8ac8aeba237,
        type: 3}
      propertyPath: m_LocalEulerAnglesHint.y
      value: 0
      objectReference: {fileID: 0}
    - target: {fileID: 7955502853465975898, guid: 64d78aeaea5a6764cac3b8ac8aeba237,
        type: 3}
      propertyPath: m_LocalEulerAnglesHint.z
      value: 0
      objectReference: {fileID: 0}
    m_RemovedComponents: []
  m_SourcePrefab: {fileID: 100100000, guid: 64d78aeaea5a6764cac3b8ac8aeba237, type: 3}
--- !u!4 &6610497279868368752 stripped
Transform:
  m_CorrespondingSourceObject: {fileID: 7955502853465975898, guid: 64d78aeaea5a6764cac3b8ac8aeba237,
    type: 3}
  m_PrefabInstance: {fileID: 3880603082610924330}
  m_PrefabAsset: {fileID: 0}
--- !u!1001 &4456390953426110535
PrefabInstance:
  m_ObjectHideFlags: 0
  serializedVersion: 2
  m_Modification:
    m_TransformParent: {fileID: 3880603082606754562}
    m_Modifications:
    - target: {fileID: 2727114870477805406, guid: 36acf6dd4a8f542d083786a51ca54cc5,
        type: 3}
      propertyPath: m_Name
      value: Sphere (7)
      objectReference: {fileID: 0}
    - target: {fileID: 2727114870477805406, guid: 36acf6dd4a8f542d083786a51ca54cc5,
        type: 3}
      propertyPath: m_IsActive
      value: 1
      objectReference: {fileID: 0}
    - target: {fileID: 7514597966930892049, guid: 36acf6dd4a8f542d083786a51ca54cc5,
        type: 3}
      propertyPath: m_AngularDrag
      value: 0.05
      objectReference: {fileID: 0}
    - target: {fileID: 7514597966930892049, guid: 36acf6dd4a8f542d083786a51ca54cc5,
        type: 3}
      propertyPath: m_Constraints
      value: 112
      objectReference: {fileID: 0}
    - target: {fileID: 8533796330275403561, guid: 36acf6dd4a8f542d083786a51ca54cc5,
        type: 3}
      propertyPath: m_LocalPosition.x
      value: 2.5
      objectReference: {fileID: 0}
    - target: {fileID: 8533796330275403561, guid: 36acf6dd4a8f542d083786a51ca54cc5,
        type: 3}
      propertyPath: m_LocalPosition.y
      value: 0.1
      objectReference: {fileID: 0}
    - target: {fileID: 8533796330275403561, guid: 36acf6dd4a8f542d083786a51ca54cc5,
        type: 3}
      propertyPath: m_LocalPosition.z
      value: 0.5
      objectReference: {fileID: 0}
    - target: {fileID: 8533796330275403561, guid: 36acf6dd4a8f542d083786a51ca54cc5,
        type: 3}
      propertyPath: m_LocalRotation.x
      value: 0
      objectReference: {fileID: 0}
    - target: {fileID: 8533796330275403561, guid: 36acf6dd4a8f542d083786a51ca54cc5,
        type: 3}
      propertyPath: m_LocalRotation.y
      value: 0
      objectReference: {fileID: 0}
    - target: {fileID: 8533796330275403561, guid: 36acf6dd4a8f542d083786a51ca54cc5,
        type: 3}
      propertyPath: m_LocalRotation.z
      value: 0
      objectReference: {fileID: 0}
    - target: {fileID: 8533796330275403561, guid: 36acf6dd4a8f542d083786a51ca54cc5,
        type: 3}
      propertyPath: m_LocalRotation.w
      value: 1
      objectReference: {fileID: 0}
    - target: {fileID: 8533796330275403561, guid: 36acf6dd4a8f542d083786a51ca54cc5,
        type: 3}
      propertyPath: m_RootOrder
      value: 6
      objectReference: {fileID: 0}
    - target: {fileID: 8533796330275403561, guid: 36acf6dd4a8f542d083786a51ca54cc5,
        type: 3}
      propertyPath: m_LocalEulerAnglesHint.x
      value: 0
      objectReference: {fileID: 0}
    - target: {fileID: 8533796330275403561, guid: 36acf6dd4a8f542d083786a51ca54cc5,
        type: 3}
      propertyPath: m_LocalEulerAnglesHint.y
      value: 0
      objectReference: {fileID: 0}
    - target: {fileID: 8533796330275403561, guid: 36acf6dd4a8f542d083786a51ca54cc5,
        type: 3}
      propertyPath: m_LocalEulerAnglesHint.z
      value: 0
      objectReference: {fileID: 0}
    m_RemovedComponents: []
  m_SourcePrefab: {fileID: 100100000, guid: 36acf6dd4a8f542d083786a51ca54cc5, type: 3}
--- !u!4 &5455659575088955246 stripped
Transform:
  m_CorrespondingSourceObject: {fileID: 8533796330275403561, guid: 36acf6dd4a8f542d083786a51ca54cc5,
    type: 3}
  m_PrefabInstance: {fileID: 4456390953426110535}
  m_PrefabAsset: {fileID: 0}
--- !u!1001 &4514903616949838723
PrefabInstance:
  m_ObjectHideFlags: 0
  serializedVersion: 2
  m_Modification:
    m_TransformParent: {fileID: 3880603082606754562}
    m_Modifications:
    - target: {fileID: 2727114870477805406, guid: 36acf6dd4a8f542d083786a51ca54cc5,
        type: 3}
      propertyPath: m_Name
      value: Sphere (20)
      objectReference: {fileID: 0}
    - target: {fileID: 2727114870477805406, guid: 36acf6dd4a8f542d083786a51ca54cc5,
        type: 3}
      propertyPath: m_IsActive
      value: 1
      objectReference: {fileID: 0}
    - target: {fileID: 7514597966930892049, guid: 36acf6dd4a8f542d083786a51ca54cc5,
        type: 3}
      propertyPath: m_AngularDrag
      value: 0.05
      objectReference: {fileID: 0}
    - target: {fileID: 7514597966930892049, guid: 36acf6dd4a8f542d083786a51ca54cc5,
        type: 3}
      propertyPath: m_Constraints
      value: 112
      objectReference: {fileID: 0}
    - target: {fileID: 8533796330275403561, guid: 36acf6dd4a8f542d083786a51ca54cc5,
        type: 3}
      propertyPath: m_LocalPosition.x
      value: 2.5
      objectReference: {fileID: 0}
    - target: {fileID: 8533796330275403561, guid: 36acf6dd4a8f542d083786a51ca54cc5,
        type: 3}
      propertyPath: m_LocalPosition.y
      value: 0.1
      objectReference: {fileID: 0}
    - target: {fileID: 8533796330275403561, guid: 36acf6dd4a8f542d083786a51ca54cc5,
        type: 3}
      propertyPath: m_LocalPosition.z
      value: 1
      objectReference: {fileID: 0}
    - target: {fileID: 8533796330275403561, guid: 36acf6dd4a8f542d083786a51ca54cc5,
        type: 3}
      propertyPath: m_LocalRotation.x
      value: 0
      objectReference: {fileID: 0}
    - target: {fileID: 8533796330275403561, guid: 36acf6dd4a8f542d083786a51ca54cc5,
        type: 3}
      propertyPath: m_LocalRotation.y
      value: 0
      objectReference: {fileID: 0}
    - target: {fileID: 8533796330275403561, guid: 36acf6dd4a8f542d083786a51ca54cc5,
        type: 3}
      propertyPath: m_LocalRotation.z
      value: 0
      objectReference: {fileID: 0}
    - target: {fileID: 8533796330275403561, guid: 36acf6dd4a8f542d083786a51ca54cc5,
        type: 3}
      propertyPath: m_LocalRotation.w
      value: 1
      objectReference: {fileID: 0}
    - target: {fileID: 8533796330275403561, guid: 36acf6dd4a8f542d083786a51ca54cc5,
        type: 3}
      propertyPath: m_RootOrder
      value: 19
      objectReference: {fileID: 0}
    - target: {fileID: 8533796330275403561, guid: 36acf6dd4a8f542d083786a51ca54cc5,
        type: 3}
      propertyPath: m_LocalEulerAnglesHint.x
      value: 0
      objectReference: {fileID: 0}
    - target: {fileID: 8533796330275403561, guid: 36acf6dd4a8f542d083786a51ca54cc5,
        type: 3}
      propertyPath: m_LocalEulerAnglesHint.y
      value: 0
      objectReference: {fileID: 0}
    - target: {fileID: 8533796330275403561, guid: 36acf6dd4a8f542d083786a51ca54cc5,
        type: 3}
      propertyPath: m_LocalEulerAnglesHint.z
      value: 0
      objectReference: {fileID: 0}
    m_RemovedComponents: []
  m_SourcePrefab: {fileID: 100100000, guid: 36acf6dd4a8f542d083786a51ca54cc5, type: 3}
--- !u!4 &5243890254841320618 stripped
Transform:
  m_CorrespondingSourceObject: {fileID: 8533796330275403561, guid: 36acf6dd4a8f542d083786a51ca54cc5,
    type: 3}
  m_PrefabInstance: {fileID: 4514903616949838723}
  m_PrefabAsset: {fileID: 0}
--- !u!1001 &5218404485009370382
PrefabInstance:
  m_ObjectHideFlags: 0
  serializedVersion: 2
  m_Modification:
    m_TransformParent: {fileID: 3880603082606754562}
    m_Modifications:
    - target: {fileID: 2727114870477805406, guid: 36acf6dd4a8f542d083786a51ca54cc5,
        type: 3}
      propertyPath: m_Name
      value: Sphere (10)
      objectReference: {fileID: 0}
    - target: {fileID: 2727114870477805406, guid: 36acf6dd4a8f542d083786a51ca54cc5,
        type: 3}
      propertyPath: m_IsActive
      value: 1
      objectReference: {fileID: 0}
    - target: {fileID: 7514597966930892049, guid: 36acf6dd4a8f542d083786a51ca54cc5,
        type: 3}
      propertyPath: m_AngularDrag
      value: 0.05
      objectReference: {fileID: 0}
    - target: {fileID: 7514597966930892049, guid: 36acf6dd4a8f542d083786a51ca54cc5,
        type: 3}
      propertyPath: m_Constraints
      value: 112
      objectReference: {fileID: 0}
    - target: {fileID: 8533796330275403561, guid: 36acf6dd4a8f542d083786a51ca54cc5,
        type: 3}
      propertyPath: m_LocalPosition.x
      value: 0.5
      objectReference: {fileID: 0}
    - target: {fileID: 8533796330275403561, guid: 36acf6dd4a8f542d083786a51ca54cc5,
        type: 3}
      propertyPath: m_LocalPosition.y
      value: 0.1
      objectReference: {fileID: 0}
    - target: {fileID: 8533796330275403561, guid: 36acf6dd4a8f542d083786a51ca54cc5,
        type: 3}
      propertyPath: m_LocalPosition.z
      value: -0.5
      objectReference: {fileID: 0}
    - target: {fileID: 8533796330275403561, guid: 36acf6dd4a8f542d083786a51ca54cc5,
        type: 3}
      propertyPath: m_LocalRotation.x
      value: 0
      objectReference: {fileID: 0}
    - target: {fileID: 8533796330275403561, guid: 36acf6dd4a8f542d083786a51ca54cc5,
        type: 3}
      propertyPath: m_LocalRotation.y
      value: 0
      objectReference: {fileID: 0}
    - target: {fileID: 8533796330275403561, guid: 36acf6dd4a8f542d083786a51ca54cc5,
        type: 3}
      propertyPath: m_LocalRotation.z
      value: 0
      objectReference: {fileID: 0}
    - target: {fileID: 8533796330275403561, guid: 36acf6dd4a8f542d083786a51ca54cc5,
        type: 3}
      propertyPath: m_LocalRotation.w
      value: 1
      objectReference: {fileID: 0}
    - target: {fileID: 8533796330275403561, guid: 36acf6dd4a8f542d083786a51ca54cc5,
        type: 3}
      propertyPath: m_RootOrder
      value: 9
      objectReference: {fileID: 0}
    - target: {fileID: 8533796330275403561, guid: 36acf6dd4a8f542d083786a51ca54cc5,
        type: 3}
      propertyPath: m_LocalEulerAnglesHint.x
      value: 0
      objectReference: {fileID: 0}
    - target: {fileID: 8533796330275403561, guid: 36acf6dd4a8f542d083786a51ca54cc5,
        type: 3}
      propertyPath: m_LocalEulerAnglesHint.y
      value: 0
      objectReference: {fileID: 0}
    - target: {fileID: 8533796330275403561, guid: 36acf6dd4a8f542d083786a51ca54cc5,
        type: 3}
      propertyPath: m_LocalEulerAnglesHint.z
      value: 0
      objectReference: {fileID: 0}
    m_RemovedComponents: []
  m_SourcePrefab: {fileID: 100100000, guid: 36acf6dd4a8f542d083786a51ca54cc5, type: 3}
--- !u!4 &4469081247755344423 stripped
Transform:
  m_CorrespondingSourceObject: {fileID: 8533796330275403561, guid: 36acf6dd4a8f542d083786a51ca54cc5,
    type: 3}
  m_PrefabInstance: {fileID: 5218404485009370382}
  m_PrefabAsset: {fileID: 0}
--- !u!1001 &6234084880745717424
PrefabInstance:
  m_ObjectHideFlags: 0
  serializedVersion: 2
  m_Modification:
    m_TransformParent: {fileID: 3880603082606754562}
    m_Modifications:
    - target: {fileID: 2727114870477805406, guid: 36acf6dd4a8f542d083786a51ca54cc5,
        type: 3}
      propertyPath: m_Name
      value: Sphere (15)
      objectReference: {fileID: 0}
    - target: {fileID: 2727114870477805406, guid: 36acf6dd4a8f542d083786a51ca54cc5,
        type: 3}
      propertyPath: m_IsActive
      value: 1
      objectReference: {fileID: 0}
    - target: {fileID: 7514597966930892049, guid: 36acf6dd4a8f542d083786a51ca54cc5,
        type: 3}
      propertyPath: m_AngularDrag
      value: 0.05
      objectReference: {fileID: 0}
    - target: {fileID: 7514597966930892049, guid: 36acf6dd4a8f542d083786a51ca54cc5,
        type: 3}
      propertyPath: m_Constraints
      value: 112
      objectReference: {fileID: 0}
    - target: {fileID: 8533796330275403561, guid: 36acf6dd4a8f542d083786a51ca54cc5,
        type: 3}
      propertyPath: m_LocalPosition.x
      value: 2
      objectReference: {fileID: 0}
    - target: {fileID: 8533796330275403561, guid: 36acf6dd4a8f542d083786a51ca54cc5,
        type: 3}
      propertyPath: m_LocalPosition.y
      value: 0.1
      objectReference: {fileID: 0}
    - target: {fileID: 8533796330275403561, guid: 36acf6dd4a8f542d083786a51ca54cc5,
        type: 3}
      propertyPath: m_LocalPosition.z
      value: -0.5
      objectReference: {fileID: 0}
    - target: {fileID: 8533796330275403561, guid: 36acf6dd4a8f542d083786a51ca54cc5,
        type: 3}
      propertyPath: m_LocalRotation.x
      value: 0
      objectReference: {fileID: 0}
    - target: {fileID: 8533796330275403561, guid: 36acf6dd4a8f542d083786a51ca54cc5,
        type: 3}
      propertyPath: m_LocalRotation.y
      value: 0
      objectReference: {fileID: 0}
    - target: {fileID: 8533796330275403561, guid: 36acf6dd4a8f542d083786a51ca54cc5,
        type: 3}
      propertyPath: m_LocalRotation.z
      value: 0
      objectReference: {fileID: 0}
    - target: {fileID: 8533796330275403561, guid: 36acf6dd4a8f542d083786a51ca54cc5,
        type: 3}
      propertyPath: m_LocalRotation.w
      value: 1
      objectReference: {fileID: 0}
    - target: {fileID: 8533796330275403561, guid: 36acf6dd4a8f542d083786a51ca54cc5,
        type: 3}
      propertyPath: m_RootOrder
      value: 14
      objectReference: {fileID: 0}
    - target: {fileID: 8533796330275403561, guid: 36acf6dd4a8f542d083786a51ca54cc5,
        type: 3}
      propertyPath: m_LocalEulerAnglesHint.x
      value: 0
      objectReference: {fileID: 0}
    - target: {fileID: 8533796330275403561, guid: 36acf6dd4a8f542d083786a51ca54cc5,
        type: 3}
      propertyPath: m_LocalEulerAnglesHint.y
      value: 0
      objectReference: {fileID: 0}
    - target: {fileID: 8533796330275403561, guid: 36acf6dd4a8f542d083786a51ca54cc5,
        type: 3}
      propertyPath: m_LocalEulerAnglesHint.z
      value: 0
      objectReference: {fileID: 0}
    m_RemovedComponents: []
  m_SourcePrefab: {fileID: 100100000, guid: 36acf6dd4a8f542d083786a51ca54cc5, type: 3}
--- !u!4 &2372774297856092569 stripped
Transform:
  m_CorrespondingSourceObject: {fileID: 8533796330275403561, guid: 36acf6dd4a8f542d083786a51ca54cc5,
    type: 3}
  m_PrefabInstance: {fileID: 6234084880745717424}
  m_PrefabAsset: {fileID: 0}
--- !u!1001 &6554251743237298257
PrefabInstance:
  m_ObjectHideFlags: 0
  serializedVersion: 2
  m_Modification:
    m_TransformParent: {fileID: 3880603082606754562}
    m_Modifications:
    - target: {fileID: 2727114870477805406, guid: 36acf6dd4a8f542d083786a51ca54cc5,
        type: 3}
      propertyPath: m_Name
      value: Sphere (4)
      objectReference: {fileID: 0}
    - target: {fileID: 2727114870477805406, guid: 36acf6dd4a8f542d083786a51ca54cc5,
        type: 3}
      propertyPath: m_IsActive
      value: 1
      objectReference: {fileID: 0}
    - target: {fileID: 7514597966930892049, guid: 36acf6dd4a8f542d083786a51ca54cc5,
        type: 3}
      propertyPath: m_AngularDrag
      value: 0.05
      objectReference: {fileID: 0}
    - target: {fileID: 7514597966930892049, guid: 36acf6dd4a8f542d083786a51ca54cc5,
        type: 3}
      propertyPath: m_Constraints
      value: 112
      objectReference: {fileID: 0}
    - target: {fileID: 8533796330275403561, guid: 36acf6dd4a8f542d083786a51ca54cc5,
        type: 3}
      propertyPath: m_LocalPosition.x
      value: 1.5
      objectReference: {fileID: 0}
    - target: {fileID: 8533796330275403561, guid: 36acf6dd4a8f542d083786a51ca54cc5,
        type: 3}
      propertyPath: m_LocalPosition.y
      value: 0.1
      objectReference: {fileID: 0}
    - target: {fileID: 8533796330275403561, guid: 36acf6dd4a8f542d083786a51ca54cc5,
        type: 3}
      propertyPath: m_LocalPosition.z
      value: 0.5
      objectReference: {fileID: 0}
    - target: {fileID: 8533796330275403561, guid: 36acf6dd4a8f542d083786a51ca54cc5,
        type: 3}
      propertyPath: m_LocalRotation.x
      value: 0
      objectReference: {fileID: 0}
    - target: {fileID: 8533796330275403561, guid: 36acf6dd4a8f542d083786a51ca54cc5,
        type: 3}
      propertyPath: m_LocalRotation.y
      value: 0
      objectReference: {fileID: 0}
    - target: {fileID: 8533796330275403561, guid: 36acf6dd4a8f542d083786a51ca54cc5,
        type: 3}
      propertyPath: m_LocalRotation.z
      value: 0
      objectReference: {fileID: 0}
    - target: {fileID: 8533796330275403561, guid: 36acf6dd4a8f542d083786a51ca54cc5,
        type: 3}
      propertyPath: m_LocalRotation.w
      value: 1
      objectReference: {fileID: 0}
    - target: {fileID: 8533796330275403561, guid: 36acf6dd4a8f542d083786a51ca54cc5,
        type: 3}
      propertyPath: m_RootOrder
      value: 3
      objectReference: {fileID: 0}
    - target: {fileID: 8533796330275403561, guid: 36acf6dd4a8f542d083786a51ca54cc5,
        type: 3}
      propertyPath: m_LocalEulerAnglesHint.x
      value: 0
      objectReference: {fileID: 0}
    - target: {fileID: 8533796330275403561, guid: 36acf6dd4a8f542d083786a51ca54cc5,
        type: 3}
      propertyPath: m_LocalEulerAnglesHint.y
      value: 0
      objectReference: {fileID: 0}
    - target: {fileID: 8533796330275403561, guid: 36acf6dd4a8f542d083786a51ca54cc5,
        type: 3}
      propertyPath: m_LocalEulerAnglesHint.z
      value: 0
      objectReference: {fileID: 0}
    m_RemovedComponents: []
  m_SourcePrefab: {fileID: 100100000, guid: 36acf6dd4a8f542d083786a51ca54cc5, type: 3}
--- !u!4 &3214237184126889848 stripped
Transform:
  m_CorrespondingSourceObject: {fileID: 8533796330275403561, guid: 36acf6dd4a8f542d083786a51ca54cc5,
    type: 3}
  m_PrefabInstance: {fileID: 6554251743237298257}
  m_PrefabAsset: {fileID: 0}
--- !u!1001 &7140283324677497549
PrefabInstance:
  m_ObjectHideFlags: 0
  serializedVersion: 2
  m_Modification:
    m_TransformParent: {fileID: 3880603082606754562}
    m_Modifications:
    - target: {fileID: 2727114870477805406, guid: 36acf6dd4a8f542d083786a51ca54cc5,
        type: 3}
      propertyPath: m_Name
      value: Sphere (21)
      objectReference: {fileID: 0}
    - target: {fileID: 2727114870477805406, guid: 36acf6dd4a8f542d083786a51ca54cc5,
        type: 3}
      propertyPath: m_IsActive
      value: 1
      objectReference: {fileID: 0}
    - target: {fileID: 7514597966930892049, guid: 36acf6dd4a8f542d083786a51ca54cc5,
        type: 3}
      propertyPath: m_AngularDrag
      value: 0.05
      objectReference: {fileID: 0}
    - target: {fileID: 7514597966930892049, guid: 36acf6dd4a8f542d083786a51ca54cc5,
        type: 3}
      propertyPath: m_Constraints
      value: 112
      objectReference: {fileID: 0}
    - target: {fileID: 8533796330275403561, guid: 36acf6dd4a8f542d083786a51ca54cc5,
        type: 3}
      propertyPath: m_LocalPosition.x
      value: 1.5
      objectReference: {fileID: 0}
    - target: {fileID: 8533796330275403561, guid: 36acf6dd4a8f542d083786a51ca54cc5,
        type: 3}
      propertyPath: m_LocalPosition.y
      value: 0.1
      objectReference: {fileID: 0}
    - target: {fileID: 8533796330275403561, guid: 36acf6dd4a8f542d083786a51ca54cc5,
        type: 3}
      propertyPath: m_LocalPosition.z
      value: 1
      objectReference: {fileID: 0}
    - target: {fileID: 8533796330275403561, guid: 36acf6dd4a8f542d083786a51ca54cc5,
        type: 3}
      propertyPath: m_LocalRotation.x
      value: 0
      objectReference: {fileID: 0}
    - target: {fileID: 8533796330275403561, guid: 36acf6dd4a8f542d083786a51ca54cc5,
        type: 3}
      propertyPath: m_LocalRotation.y
      value: 0
      objectReference: {fileID: 0}
    - target: {fileID: 8533796330275403561, guid: 36acf6dd4a8f542d083786a51ca54cc5,
        type: 3}
      propertyPath: m_LocalRotation.z
      value: 0
      objectReference: {fileID: 0}
    - target: {fileID: 8533796330275403561, guid: 36acf6dd4a8f542d083786a51ca54cc5,
        type: 3}
      propertyPath: m_LocalRotation.w
      value: 1
      objectReference: {fileID: 0}
    - target: {fileID: 8533796330275403561, guid: 36acf6dd4a8f542d083786a51ca54cc5,
        type: 3}
      propertyPath: m_RootOrder
      value: 20
      objectReference: {fileID: 0}
    - target: {fileID: 8533796330275403561, guid: 36acf6dd4a8f542d083786a51ca54cc5,
        type: 3}
      propertyPath: m_LocalEulerAnglesHint.x
      value: 0
      objectReference: {fileID: 0}
    - target: {fileID: 8533796330275403561, guid: 36acf6dd4a8f542d083786a51ca54cc5,
        type: 3}
      propertyPath: m_LocalEulerAnglesHint.y
      value: 0
      objectReference: {fileID: 0}
    - target: {fileID: 8533796330275403561, guid: 36acf6dd4a8f542d083786a51ca54cc5,
        type: 3}
      propertyPath: m_LocalEulerAnglesHint.z
      value: 0
      objectReference: {fileID: 0}
    m_RemovedComponents: []
  m_SourcePrefab: {fileID: 100100000, guid: 36acf6dd4a8f542d083786a51ca54cc5, type: 3}
--- !u!4 &1547341984574002660 stripped
Transform:
  m_CorrespondingSourceObject: {fileID: 8533796330275403561, guid: 36acf6dd4a8f542d083786a51ca54cc5,
    type: 3}
  m_PrefabInstance: {fileID: 7140283324677497549}
  m_PrefabAsset: {fileID: 0}
--- !u!1001 &7590666554606596522
PrefabInstance:
  m_ObjectHideFlags: 0
  serializedVersion: 2
  m_Modification:
    m_TransformParent: {fileID: 3880603082606754562}
    m_Modifications:
    - target: {fileID: 2727114870477805406, guid: 36acf6dd4a8f542d083786a51ca54cc5,
        type: 3}
      propertyPath: m_Name
      value: Sphere (13)
      objectReference: {fileID: 0}
    - target: {fileID: 2727114870477805406, guid: 36acf6dd4a8f542d083786a51ca54cc5,
        type: 3}
      propertyPath: m_IsActive
      value: 1
      objectReference: {fileID: 0}
    - target: {fileID: 7514597966930892049, guid: 36acf6dd4a8f542d083786a51ca54cc5,
        type: 3}
      propertyPath: m_AngularDrag
      value: 0.05
      objectReference: {fileID: 0}
    - target: {fileID: 7514597966930892049, guid: 36acf6dd4a8f542d083786a51ca54cc5,
        type: 3}
      propertyPath: m_Constraints
      value: 112
      objectReference: {fileID: 0}
    - target: {fileID: 8533796330275403561, guid: 36acf6dd4a8f542d083786a51ca54cc5,
        type: 3}
      propertyPath: m_LocalPosition.x
      value: 1
      objectReference: {fileID: 0}
    - target: {fileID: 8533796330275403561, guid: 36acf6dd4a8f542d083786a51ca54cc5,
        type: 3}
      propertyPath: m_LocalPosition.y
      value: 0.1
      objectReference: {fileID: 0}
    - target: {fileID: 8533796330275403561, guid: 36acf6dd4a8f542d083786a51ca54cc5,
        type: 3}
      propertyPath: m_LocalPosition.z
      value: 0.5
      objectReference: {fileID: 0}
    - target: {fileID: 8533796330275403561, guid: 36acf6dd4a8f542d083786a51ca54cc5,
        type: 3}
      propertyPath: m_LocalRotation.x
      value: 0
      objectReference: {fileID: 0}
    - target: {fileID: 8533796330275403561, guid: 36acf6dd4a8f542d083786a51ca54cc5,
        type: 3}
      propertyPath: m_LocalRotation.y
      value: 0
      objectReference: {fileID: 0}
    - target: {fileID: 8533796330275403561, guid: 36acf6dd4a8f542d083786a51ca54cc5,
        type: 3}
      propertyPath: m_LocalRotation.z
      value: 0
      objectReference: {fileID: 0}
    - target: {fileID: 8533796330275403561, guid: 36acf6dd4a8f542d083786a51ca54cc5,
        type: 3}
      propertyPath: m_LocalRotation.w
      value: 1
      objectReference: {fileID: 0}
    - target: {fileID: 8533796330275403561, guid: 36acf6dd4a8f542d083786a51ca54cc5,
        type: 3}
      propertyPath: m_RootOrder
      value: 12
      objectReference: {fileID: 0}
    - target: {fileID: 8533796330275403561, guid: 36acf6dd4a8f542d083786a51ca54cc5,
        type: 3}
      propertyPath: m_LocalEulerAnglesHint.x
      value: 0
      objectReference: {fileID: 0}
    - target: {fileID: 8533796330275403561, guid: 36acf6dd4a8f542d083786a51ca54cc5,
        type: 3}
      propertyPath: m_LocalEulerAnglesHint.y
      value: 0
      objectReference: {fileID: 0}
    - target: {fileID: 8533796330275403561, guid: 36acf6dd4a8f542d083786a51ca54cc5,
        type: 3}
      propertyPath: m_LocalEulerAnglesHint.z
      value: 0
      objectReference: {fileID: 0}
    m_RemovedComponents: []
  m_SourcePrefab: {fileID: 100100000, guid: 36acf6dd4a8f542d083786a51ca54cc5, type: 3}
--- !u!4 &2249923564878382723 stripped
Transform:
  m_CorrespondingSourceObject: {fileID: 8533796330275403561, guid: 36acf6dd4a8f542d083786a51ca54cc5,
    type: 3}
  m_PrefabInstance: {fileID: 7590666554606596522}
  m_PrefabAsset: {fileID: 0}
--- !u!1001 &7973394253318294227
PrefabInstance:
  m_ObjectHideFlags: 0
  serializedVersion: 2
  m_Modification:
    m_TransformParent: {fileID: 3880603082606754562}
    m_Modifications:
    - target: {fileID: 2727114870477805406, guid: 36acf6dd4a8f542d083786a51ca54cc5,
        type: 3}
      propertyPath: m_Name
      value: Sphere (8)
      objectReference: {fileID: 0}
    - target: {fileID: 2727114870477805406, guid: 36acf6dd4a8f542d083786a51ca54cc5,
        type: 3}
      propertyPath: m_IsActive
      value: 1
      objectReference: {fileID: 0}
    - target: {fileID: 7514597966930892049, guid: 36acf6dd4a8f542d083786a51ca54cc5,
        type: 3}
      propertyPath: m_AngularDrag
      value: 0.05
      objectReference: {fileID: 0}
    - target: {fileID: 7514597966930892049, guid: 36acf6dd4a8f542d083786a51ca54cc5,
        type: 3}
      propertyPath: m_Constraints
      value: 112
      objectReference: {fileID: 0}
    - target: {fileID: 8533796330275403561, guid: 36acf6dd4a8f542d083786a51ca54cc5,
        type: 3}
      propertyPath: m_LocalPosition.x
      value: 2.5
      objectReference: {fileID: 0}
    - target: {fileID: 8533796330275403561, guid: 36acf6dd4a8f542d083786a51ca54cc5,
        type: 3}
      propertyPath: m_LocalPosition.y
      value: 0.1
      objectReference: {fileID: 0}
    - target: {fileID: 8533796330275403561, guid: 36acf6dd4a8f542d083786a51ca54cc5,
        type: 3}
      propertyPath: m_LocalPosition.z
      value: -0.5
      objectReference: {fileID: 0}
    - target: {fileID: 8533796330275403561, guid: 36acf6dd4a8f542d083786a51ca54cc5,
        type: 3}
      propertyPath: m_LocalRotation.x
      value: 0
      objectReference: {fileID: 0}
    - target: {fileID: 8533796330275403561, guid: 36acf6dd4a8f542d083786a51ca54cc5,
        type: 3}
      propertyPath: m_LocalRotation.y
      value: 0
      objectReference: {fileID: 0}
    - target: {fileID: 8533796330275403561, guid: 36acf6dd4a8f542d083786a51ca54cc5,
        type: 3}
      propertyPath: m_LocalRotation.z
      value: 0
      objectReference: {fileID: 0}
    - target: {fileID: 8533796330275403561, guid: 36acf6dd4a8f542d083786a51ca54cc5,
        type: 3}
      propertyPath: m_LocalRotation.w
      value: 1
      objectReference: {fileID: 0}
    - target: {fileID: 8533796330275403561, guid: 36acf6dd4a8f542d083786a51ca54cc5,
        type: 3}
      propertyPath: m_RootOrder
      value: 7
      objectReference: {fileID: 0}
    - target: {fileID: 8533796330275403561, guid: 36acf6dd4a8f542d083786a51ca54cc5,
        type: 3}
      propertyPath: m_LocalEulerAnglesHint.x
      value: 0
      objectReference: {fileID: 0}
    - target: {fileID: 8533796330275403561, guid: 36acf6dd4a8f542d083786a51ca54cc5,
        type: 3}
      propertyPath: m_LocalEulerAnglesHint.y
      value: 0
      objectReference: {fileID: 0}
    - target: {fileID: 8533796330275403561, guid: 36acf6dd4a8f542d083786a51ca54cc5,
        type: 3}
      propertyPath: m_LocalEulerAnglesHint.z
      value: 0
      objectReference: {fileID: 0}
    m_RemovedComponents: []
  m_SourcePrefab: {fileID: 100100000, guid: 36acf6dd4a8f542d083786a51ca54cc5, type: 3}
--- !u!4 &1785973400862555642 stripped
Transform:
  m_CorrespondingSourceObject: {fileID: 8533796330275403561, guid: 36acf6dd4a8f542d083786a51ca54cc5,
    type: 3}
  m_PrefabInstance: {fileID: 7973394253318294227}
  m_PrefabAsset: {fileID: 0}
--- !u!1001 &8577684683569822296
PrefabInstance:
  m_ObjectHideFlags: 0
  serializedVersion: 2
  m_Modification:
    m_TransformParent: {fileID: 3880603082606754562}
    m_Modifications:
    - target: {fileID: 2727114870477805406, guid: 36acf6dd4a8f542d083786a51ca54cc5,
        type: 3}
      propertyPath: m_Name
      value: Sphere (12)
      objectReference: {fileID: 0}
    - target: {fileID: 2727114870477805406, guid: 36acf6dd4a8f542d083786a51ca54cc5,
        type: 3}
      propertyPath: m_IsActive
      value: 1
      objectReference: {fileID: 0}
    - target: {fileID: 7514597966930892049, guid: 36acf6dd4a8f542d083786a51ca54cc5,
        type: 3}
      propertyPath: m_AngularDrag
      value: 0.05
      objectReference: {fileID: 0}
    - target: {fileID: 7514597966930892049, guid: 36acf6dd4a8f542d083786a51ca54cc5,
        type: 3}
      propertyPath: m_Constraints
      value: 112
      objectReference: {fileID: 0}
    - target: {fileID: 8533796330275403561, guid: 36acf6dd4a8f542d083786a51ca54cc5,
        type: 3}
      propertyPath: m_LocalPosition.x
      value: 0
      objectReference: {fileID: 0}
    - target: {fileID: 8533796330275403561, guid: 36acf6dd4a8f542d083786a51ca54cc5,
        type: 3}
      propertyPath: m_LocalPosition.y
      value: 0.1
      objectReference: {fileID: 0}
    - target: {fileID: 8533796330275403561, guid: 36acf6dd4a8f542d083786a51ca54cc5,
        type: 3}
      propertyPath: m_LocalPosition.z
      value: 0.5
      objectReference: {fileID: 0}
    - target: {fileID: 8533796330275403561, guid: 36acf6dd4a8f542d083786a51ca54cc5,
        type: 3}
      propertyPath: m_LocalRotation.x
      value: 0
      objectReference: {fileID: 0}
    - target: {fileID: 8533796330275403561, guid: 36acf6dd4a8f542d083786a51ca54cc5,
        type: 3}
      propertyPath: m_LocalRotation.y
      value: 0
      objectReference: {fileID: 0}
    - target: {fileID: 8533796330275403561, guid: 36acf6dd4a8f542d083786a51ca54cc5,
        type: 3}
      propertyPath: m_LocalRotation.z
      value: 0
      objectReference: {fileID: 0}
    - target: {fileID: 8533796330275403561, guid: 36acf6dd4a8f542d083786a51ca54cc5,
        type: 3}
      propertyPath: m_LocalRotation.w
      value: 1
      objectReference: {fileID: 0}
    - target: {fileID: 8533796330275403561, guid: 36acf6dd4a8f542d083786a51ca54cc5,
        type: 3}
      propertyPath: m_RootOrder
      value: 11
      objectReference: {fileID: 0}
    - target: {fileID: 8533796330275403561, guid: 36acf6dd4a8f542d083786a51ca54cc5,
        type: 3}
      propertyPath: m_LocalEulerAnglesHint.x
      value: 0
      objectReference: {fileID: 0}
    - target: {fileID: 8533796330275403561, guid: 36acf6dd4a8f542d083786a51ca54cc5,
        type: 3}
      propertyPath: m_LocalEulerAnglesHint.y
      value: 0
      objectReference: {fileID: 0}
    - target: {fileID: 8533796330275403561, guid: 36acf6dd4a8f542d083786a51ca54cc5,
        type: 3}
      propertyPath: m_LocalEulerAnglesHint.z
      value: 0
      objectReference: {fileID: 0}
    m_RemovedComponents: []
  m_SourcePrefab: {fileID: 100100000, guid: 36acf6dd4a8f542d083786a51ca54cc5, type: 3}
--- !u!4 &100253786116984177 stripped
Transform:
  m_CorrespondingSourceObject: {fileID: 8533796330275403561, guid: 36acf6dd4a8f542d083786a51ca54cc5,
    type: 3}
  m_PrefabInstance: {fileID: 8577684683569822296}
  m_PrefabAsset: {fileID: 0}
--- !u!1001 &8588775147193039957
PrefabInstance:
  m_ObjectHideFlags: 0
  serializedVersion: 2
  m_Modification:
    m_TransformParent: {fileID: 3880603082606754562}
    m_Modifications:
    - target: {fileID: 2727114870477805406, guid: 36acf6dd4a8f542d083786a51ca54cc5,
        type: 3}
      propertyPath: m_Name
      value: Sphere (3)
      objectReference: {fileID: 0}
    - target: {fileID: 2727114870477805406, guid: 36acf6dd4a8f542d083786a51ca54cc5,
        type: 3}
      propertyPath: m_IsActive
      value: 1
      objectReference: {fileID: 0}
    - target: {fileID: 7514597966930892049, guid: 36acf6dd4a8f542d083786a51ca54cc5,
        type: 3}
      propertyPath: m_AngularDrag
      value: 0.05
      objectReference: {fileID: 0}
    - target: {fileID: 7514597966930892049, guid: 36acf6dd4a8f542d083786a51ca54cc5,
        type: 3}
      propertyPath: m_Constraints
      value: 112
      objectReference: {fileID: 0}
    - target: {fileID: 8533796330275403561, guid: 36acf6dd4a8f542d083786a51ca54cc5,
        type: 3}
      propertyPath: m_LocalPosition.x
      value: 0.5
      objectReference: {fileID: 0}
    - target: {fileID: 8533796330275403561, guid: 36acf6dd4a8f542d083786a51ca54cc5,
        type: 3}
      propertyPath: m_LocalPosition.y
      value: 0.1
      objectReference: {fileID: 0}
    - target: {fileID: 8533796330275403561, guid: 36acf6dd4a8f542d083786a51ca54cc5,
        type: 3}
      propertyPath: m_LocalPosition.z
      value: 0.5
      objectReference: {fileID: 0}
    - target: {fileID: 8533796330275403561, guid: 36acf6dd4a8f542d083786a51ca54cc5,
        type: 3}
      propertyPath: m_LocalRotation.x
      value: 0
      objectReference: {fileID: 0}
    - target: {fileID: 8533796330275403561, guid: 36acf6dd4a8f542d083786a51ca54cc5,
        type: 3}
      propertyPath: m_LocalRotation.y
      value: 0
      objectReference: {fileID: 0}
    - target: {fileID: 8533796330275403561, guid: 36acf6dd4a8f542d083786a51ca54cc5,
        type: 3}
      propertyPath: m_LocalRotation.z
      value: 0
      objectReference: {fileID: 0}
    - target: {fileID: 8533796330275403561, guid: 36acf6dd4a8f542d083786a51ca54cc5,
        type: 3}
      propertyPath: m_LocalRotation.w
      value: 1
      objectReference: {fileID: 0}
    - target: {fileID: 8533796330275403561, guid: 36acf6dd4a8f542d083786a51ca54cc5,
        type: 3}
      propertyPath: m_RootOrder
      value: 2
      objectReference: {fileID: 0}
    - target: {fileID: 8533796330275403561, guid: 36acf6dd4a8f542d083786a51ca54cc5,
        type: 3}
      propertyPath: m_LocalEulerAnglesHint.x
      value: 0
      objectReference: {fileID: 0}
    - target: {fileID: 8533796330275403561, guid: 36acf6dd4a8f542d083786a51ca54cc5,
        type: 3}
      propertyPath: m_LocalEulerAnglesHint.y
      value: 0
      objectReference: {fileID: 0}
    - target: {fileID: 8533796330275403561, guid: 36acf6dd4a8f542d083786a51ca54cc5,
        type: 3}
      propertyPath: m_LocalEulerAnglesHint.z
      value: 0
      objectReference: {fileID: 0}
    m_RemovedComponents: []
  m_SourcePrefab: {fileID: 100100000, guid: 36acf6dd4a8f542d083786a51ca54cc5, type: 3}
--- !u!4 &98894413110709116 stripped
Transform:
  m_CorrespondingSourceObject: {fileID: 8533796330275403561, guid: 36acf6dd4a8f542d083786a51ca54cc5,
    type: 3}
  m_PrefabInstance: {fileID: 8588775147193039957}
  m_PrefabAsset: {fileID: 0}
--- !u!1001 &8902346551973321502
PrefabInstance:
  m_ObjectHideFlags: 0
  serializedVersion: 2
  m_Modification:
    m_TransformParent: {fileID: 3880603082606754562}
    m_Modifications:
    - target: {fileID: 2727114870477805406, guid: 36acf6dd4a8f542d083786a51ca54cc5,
        type: 3}
      propertyPath: m_Name
      value: Sphere (2)
      objectReference: {fileID: 0}
    - target: {fileID: 2727114870477805406, guid: 36acf6dd4a8f542d083786a51ca54cc5,
        type: 3}
      propertyPath: m_IsActive
      value: 1
      objectReference: {fileID: 0}
    - target: {fileID: 7514597966930892049, guid: 36acf6dd4a8f542d083786a51ca54cc5,
        type: 3}
      propertyPath: m_AngularDrag
      value: 0.05
      objectReference: {fileID: 0}
    - target: {fileID: 7514597966930892049, guid: 36acf6dd4a8f542d083786a51ca54cc5,
        type: 3}
      propertyPath: m_Constraints
      value: 112
      objectReference: {fileID: 0}
    - target: {fileID: 8533796330275403561, guid: 36acf6dd4a8f542d083786a51ca54cc5,
        type: 3}
      propertyPath: m_LocalPosition.x
      value: -0.5
      objectReference: {fileID: 0}
    - target: {fileID: 8533796330275403561, guid: 36acf6dd4a8f542d083786a51ca54cc5,
        type: 3}
      propertyPath: m_LocalPosition.y
      value: 0.1
      objectReference: {fileID: 0}
    - target: {fileID: 8533796330275403561, guid: 36acf6dd4a8f542d083786a51ca54cc5,
        type: 3}
      propertyPath: m_LocalPosition.z
      value: 0.5
      objectReference: {fileID: 0}
    - target: {fileID: 8533796330275403561, guid: 36acf6dd4a8f542d083786a51ca54cc5,
        type: 3}
      propertyPath: m_LocalRotation.x
      value: 0
      objectReference: {fileID: 0}
    - target: {fileID: 8533796330275403561, guid: 36acf6dd4a8f542d083786a51ca54cc5,
        type: 3}
      propertyPath: m_LocalRotation.y
      value: 0
      objectReference: {fileID: 0}
    - target: {fileID: 8533796330275403561, guid: 36acf6dd4a8f542d083786a51ca54cc5,
        type: 3}
      propertyPath: m_LocalRotation.z
      value: 0
      objectReference: {fileID: 0}
    - target: {fileID: 8533796330275403561, guid: 36acf6dd4a8f542d083786a51ca54cc5,
        type: 3}
      propertyPath: m_LocalRotation.w
      value: 1
      objectReference: {fileID: 0}
    - target: {fileID: 8533796330275403561, guid: 36acf6dd4a8f542d083786a51ca54cc5,
        type: 3}
      propertyPath: m_RootOrder
      value: 1
      objectReference: {fileID: 0}
    - target: {fileID: 8533796330275403561, guid: 36acf6dd4a8f542d083786a51ca54cc5,
        type: 3}
      propertyPath: m_LocalEulerAnglesHint.x
      value: 0
      objectReference: {fileID: 0}
    - target: {fileID: 8533796330275403561, guid: 36acf6dd4a8f542d083786a51ca54cc5,
        type: 3}
      propertyPath: m_LocalEulerAnglesHint.y
      value: 0
      objectReference: {fileID: 0}
    - target: {fileID: 8533796330275403561, guid: 36acf6dd4a8f542d083786a51ca54cc5,
        type: 3}
      propertyPath: m_LocalEulerAnglesHint.z
      value: 0
      objectReference: {fileID: 0}
    m_RemovedComponents: []
  m_SourcePrefab: {fileID: 100100000, guid: 36acf6dd4a8f542d083786a51ca54cc5, type: 3}
--- !u!4 &1001311537837894711 stripped
Transform:
  m_CorrespondingSourceObject: {fileID: 8533796330275403561, guid: 36acf6dd4a8f542d083786a51ca54cc5,
    type: 3}
  m_PrefabInstance: {fileID: 8902346551973321502}
  m_PrefabAsset: {fileID: 0}
--- !u!1001 &9034026172784501302
PrefabInstance:
  m_ObjectHideFlags: 0
  serializedVersion: 2
  m_Modification:
    m_TransformParent: {fileID: 3880603082606754562}
    m_Modifications:
    - target: {fileID: 2727114870477805406, guid: 36acf6dd4a8f542d083786a51ca54cc5,
        type: 3}
      propertyPath: m_Name
      value: Sphere (6)
      objectReference: {fileID: 0}
    - target: {fileID: 2727114870477805406, guid: 36acf6dd4a8f542d083786a51ca54cc5,
        type: 3}
      propertyPath: m_IsActive
      value: 1
      objectReference: {fileID: 0}
    - target: {fileID: 7514597966930892049, guid: 36acf6dd4a8f542d083786a51ca54cc5,
        type: 3}
      propertyPath: m_AngularDrag
      value: 0.05
      objectReference: {fileID: 0}
    - target: {fileID: 7514597966930892049, guid: 36acf6dd4a8f542d083786a51ca54cc5,
        type: 3}
      propertyPath: m_Constraints
      value: 112
      objectReference: {fileID: 0}
    - target: {fileID: 8533796330275403561, guid: 36acf6dd4a8f542d083786a51ca54cc5,
        type: 3}
      propertyPath: m_LocalPosition.x
      value: 2.5
      objectReference: {fileID: 0}
    - target: {fileID: 8533796330275403561, guid: 36acf6dd4a8f542d083786a51ca54cc5,
        type: 3}
      propertyPath: m_LocalPosition.y
      value: 0.1
      objectReference: {fileID: 0}
    - target: {fileID: 8533796330275403561, guid: 36acf6dd4a8f542d083786a51ca54cc5,
        type: 3}
      propertyPath: m_LocalPosition.z
      value: 1.5
      objectReference: {fileID: 0}
    - target: {fileID: 8533796330275403561, guid: 36acf6dd4a8f542d083786a51ca54cc5,
        type: 3}
      propertyPath: m_LocalRotation.x
      value: 0
      objectReference: {fileID: 0}
    - target: {fileID: 8533796330275403561, guid: 36acf6dd4a8f542d083786a51ca54cc5,
        type: 3}
      propertyPath: m_LocalRotation.y
      value: 0
      objectReference: {fileID: 0}
    - target: {fileID: 8533796330275403561, guid: 36acf6dd4a8f542d083786a51ca54cc5,
        type: 3}
      propertyPath: m_LocalRotation.z
      value: 0
      objectReference: {fileID: 0}
    - target: {fileID: 8533796330275403561, guid: 36acf6dd4a8f542d083786a51ca54cc5,
        type: 3}
      propertyPath: m_LocalRotation.w
      value: 1
      objectReference: {fileID: 0}
    - target: {fileID: 8533796330275403561, guid: 36acf6dd4a8f542d083786a51ca54cc5,
        type: 3}
      propertyPath: m_RootOrder
      value: 5
      objectReference: {fileID: 0}
    - target: {fileID: 8533796330275403561, guid: 36acf6dd4a8f542d083786a51ca54cc5,
        type: 3}
      propertyPath: m_LocalEulerAnglesHint.x
      value: 0
      objectReference: {fileID: 0}
    - target: {fileID: 8533796330275403561, guid: 36acf6dd4a8f542d083786a51ca54cc5,
        type: 3}
      propertyPath: m_LocalEulerAnglesHint.y
      value: 0
      objectReference: {fileID: 0}
    - target: {fileID: 8533796330275403561, guid: 36acf6dd4a8f542d083786a51ca54cc5,
        type: 3}
      propertyPath: m_LocalEulerAnglesHint.z
      value: 0
      objectReference: {fileID: 0}
    m_RemovedComponents: []
  m_SourcePrefab: {fileID: 100100000, guid: 36acf6dd4a8f542d083786a51ca54cc5, type: 3}
--- !u!4 &806545092335506719 stripped
Transform:
  m_CorrespondingSourceObject: {fileID: 8533796330275403561, guid: 36acf6dd4a8f542d083786a51ca54cc5,
    type: 3}
  m_PrefabInstance: {fileID: 9034026172784501302}
  m_PrefabAsset: {fileID: 0}
